<record><leader>00000cas a22000007a 4500</leader><controlfield tag="001">12113980</controlfield><controlfield tag="008">850604d18551855ohuwr ne      0    0eng d</controlfield><datafield ind1=" " ind2=" " tag="010"><subfield code="a">sn 85026233 </subfield></datafield><datafield ind1=" " ind2=" " tag="040"><subfield code="a">NPX</subfield><subfield code="b">eng</subfield><subfield code="c">NPX</subfield><subfield code="d">ONP</subfield><subfield code="d">OCLCQ</subfield><subfield code="d">OCLCO</subfield></datafield><datafield ind1="1" ind2=" " tag="029"><subfield code="a">AU@</subfield><subfield code="b">000025827555</subfield></datafield><datafield ind1=" " ind2=" " tag="042"><subfield code="a">msc</subfield></datafield><datafield ind1="0" ind2=" " tag="130"><subfield code="a">Campaign Democrat (Ravenna, Ohio)</subfield></datafield><datafield ind1="1" ind2="0" tag="245"><subfield code="a">Campaign Democrat.</subfield></datafield><datafield ind1=" " ind2=" " tag="260"><subfield code="a">Ravenna, Ohio :</subfield><subfield code="b">Hall, Herrick &amp; Wadsworth,</subfield><subfield code="c">1855.</subfield></datafield><datafield ind1=" " ind2=" " tag="310"><subfield code="a">Weekly,</subfield><subfield code="b">Oct. 15, 1855</subfield></datafield><datafield ind1=" " ind2=" " tag="321"><subfield code="a">Weekly,</subfield><subfield code="b">Aug. 6-Sept. 24, 1855</subfield></datafield><datafield ind1=" " ind2=" " tag="321"><subfield code="a">Semiweekly,</subfield><subfield code="b">Sept. 27-Oct. 8, 1855</subfield></datafield><datafield ind1="0" ind2=" " tag="362"><subfield code="a">Vol. 1, no. 1 (Aug. 6, 1855)-v. 1, no. 13 (Oct. 15, 1855).</subfield></datafield><datafield ind1=" " ind2=" " tag="500"><subfield code="a">Republican campaign paper.</subfield></datafield><datafield ind1=" " ind2=" " tag="580"><subfield code="a">Weekly ed.: Portage County Democrat (Ravenna, Ohio : 1854).</subfield></datafield><datafield ind1="2" ind2=" " tag="710"><subfield code="a">Republican Party (Ohio)</subfield></datafield><datafield ind1=" " ind2=" " tag="752"><subfield code="a">United States</subfield><subfield code="b">Ohio</subfield><subfield code="c">Portage</subfield><subfield code="d">Ravenna.</subfield></datafield><datafield ind1="1" ind2=" " tag="775"><subfield code="t">Portage County Democrat (Ravenna, Ohio : 1854)</subfield><subfield code="w">(DLC)sn 83035045</subfield></datafield></record>